@book{gratzer2013math,
  title={Math into LATEX},
  author={Gr{\"a}tzer, George},
  year={2013},
  publisher={Springer Science \& Business Media}}