@article{romanya2007analisis,
  title={An{\'a}lisis del carbono en los suelos agr{\'\i}colas de Espa{\~n}a. Aspectos relevantes en relaci{\'o}n a la reconversi{\'o}n a la agricultura ecol{\'o}gica en el {\'a}mbito mediterr{\'a}neo.},
  author={Romany{\'a}, JA and Rovira, P and Vallejo, R},
  journal={Revista Ecosistemas},
  volume={16},
  number={1},
  year={2007}
}

@article{verdenelli2019proteinas,
  title={Prote{\'\i}nas totales y perfiles SDS-PAGE de suelos agr{\'\i}colas bajo fertilizaci{\'o}n mineral},
  author={Verdenelli, Romina Ayl{\'e}n and Mascanfroni, Gisela Daniela and Dominchin, Mar{\'\i}a Florencia and Barbero, Florencia Magali and Gil, Silvina Vargas and Meriles, Jos{\'e} Manuel},
  journal={Revista de la Facultad de Ciencias Exactas, F{\'\i}sicas y Naturales},
  volume={6},
  number={1},
  pages={51},
  year={2019}
}

@article{alvarez2019influencia,
  title={Influencia de herbicidas preemergentes sobre el desarrollo de dermatofitos geof{\'\i}licos en suelos agr{\'\i}colas},
  author={Alvarez, Delia P and Luque, Alicia G and Marini, Patricia and Gamberate, Mar{\'\i}a E},
  journal={Bolet{\'\i}n Micol{\'o}gico},
  volume={3},
  number={4},
  year={2019}
}